@inproceedings{Grosgeorge2012,
  author    = {Damien Grosgeorge and Caroline Petitjean et Su Ruan},
  title     = {Segmentation d'images par coupe de graphe avec a priori de forme},
  booktitle = {Actes de RFIA 2012 (Reconnaissance des Formes et Intelligence Artificielle)},
  year      = {2012},
  month     = jan,
  address   = {Lyon, France},
  pages     = {1--9},
  publisher = {HAL},
  isbn      = {978-2-9539515-2-3},
  note      = {\url{https://hal.science/hal-00656508v1}}
}

@masterthesis{Lerallut2006,
  author    = {Romain Lerallut},
  title     = {Modélisation et interprétation d’images à l’aide de graphes},
  school    = {École Nationale Supérieure des Mines de Paris},
  year      = {2006},
  month     = aug,
  address   = {Paris, France},
  publisher = {HAL},
  note      = {\url{https://hal.science/pastel-00003298v1}}
}

@misc{Tupin2017,
  author    = {Florence Tupin},
  title     = {Graphes en analyse d'images, visions, reconnaissance},
  year      = {2017},
  month     = jul,
  address   = {Paris, France},
  note      = {\url{https://perso.telecom-paristech.fr/bloch/AIV/2graphes.pdf}}
}

@misc{polyGraphes,
  title     = {Graphes en traitement d'images et en reconnaissance des formes},
  author    = {Inconnu},
  year      = {2017},
  address   = {Paris, France},
  note      = {\url{https://perso.telecom-paristech.fr/bloch/AIV/polyGraphes.pdf}}
}
